%kilder.bib
 @misc{ wiki:###,
   author = "Wikipedia",
   title = "Regression analysis --- {W}ikipedia{,} The Free Encyclopedia",
   year = "2004",
   url = "http://en.wikipedia.org/wiki/Regression_analysis",
   note = "[Online; accessed 08-May-2014]"
 }
 